<?xml version="1.0" encoding="UTF-8"?><collection xmlns="http://www.loc.gov/MARC21/slim"><record><leader>00512nam--2200145-i-4500</leader><controlfield tag="001">000009003</controlfield><controlfield tag="002">20161230</controlfield><controlfield tag="005">20161230201028</controlfield><controlfield tag="008">060222s1000------------r-----000-0-eng-d</controlfield><datafield ind1=" " ind2=" " tag="080"><subfield code="a">621.313.322.001.5:629.311.6</subfield></datafield><datafield ind1=" " ind2=" " tag="100"><subfield code="a">Birzescu, A., Postelnicu, G., Maximov, T</subfield></datafield><datafield ind1=" " ind2=" " tag="245"><subfield code="a">Cercetari privind sistemele de alimentare cu a lternatoare pentru autovehicole</subfield></datafield><datafield ind1=" " ind2=" " tag="260"><subfield code="a">Bucuresti, Cons.Nat. Al Ing. Si Tech., 1969. 13 P</subfield></datafield><datafield ind1=" " ind2=" " tag="490"><subfield code="a">A Doua Conferinta A Electricienilor I. Sectia Masini Electrice</subfield></datafield><datafield ind1=" " ind2=" " tag="852"><subfield code="a">31592</subfield></datafield></record></collection>